<?xml version="1.0" encoding="UTF-8"?><record xmlns="http://www.loc.gov/MARC21/slim" xmlns:cinclude="http://apache.org/cocoon/include/1.0" xmlns:zs="http://www.loc.gov/zing/srw/">
  <leader>00588cz  a2200157n  4500</leader>
  <controlfield tag="001">n  84132057 </controlfield>
  <controlfield tag="003">DLC</controlfield>
  <controlfield tag="005">20000524064712.0</controlfield>
  <controlfield tag="008">850123n| acannaabn          |a aaa      </controlfield>
  <datafield tag="010" ind1=" " ind2=" ">
    <subfield code="a">n  84132057 </subfield>
  </datafield>
  <datafield tag="035" ind1=" " ind2=" ">
    <subfield code="a">(OCoLC)oca01251267</subfield>
  </datafield>
  <datafield tag="040" ind1=" " ind2=" ">
    <subfield code="a">DLC</subfield>
    <subfield code="b">eng</subfield>
    <subfield code="c">DLC</subfield>
    <subfield code="d">DLC</subfield>
    <subfield code="d">OCoLC</subfield>
  </datafield>
  <datafield tag="100" ind1="1" ind2=" ">
    <subfield code="a">Mohs, Edgar,</subfield>
    <subfield code="d">1939-</subfield>
  </datafield>
  <datafield tag="400" ind1="1" ind2=" ">
    <subfield code="a">Mohs Villalta, Edgar,</subfield>
    <subfield code="d">1939-</subfield>
  </datafield>
  <datafield tag="400" ind1="1" ind2=" ">
    <subfield code="a">Villalta, Edgar Mohs,</subfield>
    <subfield code="d">1939-</subfield>
  </datafield>
  <datafield tag="670" ind1=" " ind2=" ">
    <subfield code="a">His La salud en Costa Rica, 1983:</subfield>
    <subfield code="b">t.p. (Edgar Mohs) t.p. verso (CIP data: Mohs Villalta, Edgar, 1939- ) cover, p. 4 (doctor; prof., Escuela de Medicina de la Univ. de Costa Rica since 1966)</subfield>
  </datafield>
</record>